<collection xmlns="http://www.loc.gov/MARC21/slim">
<record>
  <leader>00734na 0a22001451i 450 </leader>
  <controlfield tag="001">IT\ICCU\CNCE\065049</controlfield>
  <controlfield tag="005">20060711000000.0</controlfield>
  <datafield tag="100" ind1=" " ind2=" ">
    <subfield code="a">20060711             0itac0103    ba</subfield>
  </datafield>
  <datafield tag="101" ind1=" " ind2=" ">
    <subfield code="a">LAT</subfield>
  </datafield>
  <datafield tag="200" ind1="1" ind2=" ">
    <subfield code="a">℗Odonelli Marcandilli ... ℗Libellus qui legis assiduis c. qui potio. in pigno. habe. l. non puto. ff. de iure fis. legis de diuisione, &amp; legis si constante. solu. matri. elegantes interpraetationes continet</subfield>
  </datafield>
  <datafield tag="700" ind1=" " ind2="1">
    <subfield code="a">Marcandillo,</subfield>
    <subfield code="b">Oddonello</subfield>
    <subfield code="3">IT\ICCU\CNCA\007220</subfield>
  </datafield>
  <datafield tag="790" ind1=" " ind2="1">
    <subfield code="a">Mercandillo,</subfield>
    <subfield code="b">Odonello</subfield>
    <subfield code="3">IT\ICCU\CNCA\021034</subfield>
    <subfield code="z">Marcandillo, Oddonello</subfield>
  </datafield>
  <datafield tag="790" ind1=" " ind2="1">
    <subfield code="a">Marcandile,</subfield>
    <subfield code="b">Odonello</subfield>
    <subfield code="3">IT\ICCU\CNCA\021035</subfield>
    <subfield code="z">Marcandillo, Oddonello</subfield>
  </datafield>
  <datafield tag="790" ind1=" " ind2="1">
    <subfield code="a">Marcandillus,</subfield>
    <subfield code="b">Odonellus</subfield>
    <subfield code="3">IT\ICCU\CNCA\024369</subfield>
    <subfield code="z">Marcandillo, Oddonello</subfield>
  </datafield>
  <datafield tag="801" ind1=" " ind2="3">
    <subfield code="a">IT</subfield>
    <subfield code="b">ICCU</subfield>
    <subfield code="c">20201115</subfield>
  </datafield>
</record>
</collection>
